<record><leader>00000cas a22000007a 4500</leader><controlfield tag="001">31117715</controlfield><controlfield tag="008">940915c19949999causr ne      0    0eng d</controlfield><datafield ind1=" " ind2=" " tag="010"><subfield code="a">sn 95017319 </subfield></datafield><datafield ind1=" " ind2=" " tag="040"><subfield code="a">EEM</subfield><subfield code="b">eng</subfield><subfield code="c">EEM</subfield><subfield code="d">CLU</subfield><subfield code="d">OCLCQ</subfield><subfield code="d">OCLCO</subfield><subfield code="d">OCLCF</subfield><subfield code="d">OCL</subfield></datafield><datafield ind1=" " ind2=" " tag="012"><subfield code="i">9502</subfield></datafield><datafield ind1=" " ind2=" " tag="037"><subfield code="b">Ethiopian Tribune, P.O. Box 3246, North Hollywood, CA 91609-0246</subfield></datafield><datafield ind1=" " ind2=" " tag="042"><subfield code="a">msc</subfield></datafield><datafield ind1=" " ind2=" " tag="043"><subfield code="a">f-et---</subfield></datafield><datafield ind1="0" ind2="0" tag="245"><subfield code="a">Ethiopian tribune.</subfield></datafield><datafield ind1=" " ind2=" " tag="260"><subfield code="a">North Hollywood, CA :</subfield><subfield code="b">Etham Enterprises,</subfield><subfield code="c">1994-</subfield></datafield><datafield ind1=" " ind2=" " tag="300"><subfield code="a">v. :</subfield><subfield code="b">ill. ;</subfield><subfield code="c">43 cm.</subfield></datafield><datafield ind1=" " ind2=" " tag="310"><subfield code="a">Semimonthly</subfield></datafield><datafield ind1="0" ind2=" " tag="362"><subfield code="a">Vol. 1, no. 1 (July 1, 1994)-</subfield></datafield><datafield ind1=" " ind2=" " tag="500"><subfield code="a">Published on 1st and 16th of month; masthead: "biweekly."</subfield></datafield><datafield ind1=" " ind2="0" tag="651"><subfield code="a">Ethiopia</subfield><subfield code="v">Newspapers.</subfield></datafield><datafield ind1=" " ind2="0" tag="651"><subfield code="a">Ethiopia</subfield><subfield code="x">Politics and government</subfield><subfield code="y">1992-</subfield><subfield code="v">Newspapers.</subfield></datafield><datafield ind1=" " ind2="7" tag="650"><subfield code="a">Politics and government</subfield><subfield code="2">fast</subfield><subfield code="0">(OCoLC)fst01919741</subfield></datafield><datafield ind1=" " ind2="7" tag="651"><subfield code="a">Ethiopia.</subfield><subfield code="2">fast</subfield><subfield code="0">(OCoLC)fst01205830</subfield></datafield><datafield ind1=" " ind2="7" tag="648"><subfield code="a">Since 1992</subfield><subfield code="2">fast</subfield></datafield><datafield ind1=" " ind2="7" tag="655"><subfield code="a">Newspapers.</subfield><subfield code="2">fast</subfield><subfield code="0">(OCoLC)fst01423814</subfield></datafield><datafield ind1=" " ind2=" " tag="752"><subfield code="a">United States</subfield><subfield code="b">California</subfield><subfield code="c">Los Angeles</subfield><subfield code="d">North Hollywood, Los Angeles.</subfield></datafield><datafield ind1=" " ind2=" " tag="850"><subfield code="a">CLU</subfield></datafield><datafield ind1="1" ind2=" " tag="029"><subfield code="a">AU@</subfield><subfield code="b">000011578190</subfield></datafield></record>